@misc{NELSON,
author = {NELSON, JEFF},
keywords = {JEFF NELSON},
title = {{Distributed Garbage Collection | JAVA Developer's Journal}},
url = {http://java.sys-con.com/node/35865}
}
