@article{Schelter2013,
address = {New York, New York, USA},
author = {Schelter, Sebastian and Boden, Christoph and Schenck, Martin and Alexandrov, Alexander and Markl, Volker},
doi = {10.1145/2507157.2507195},
file = {:D$\backslash$:/Docs/Papers Lib/big data/Distributed Matrix Factorization with MapReduce using a series of Broadcast-Joins.pdf:pdf},
isbn = {9781450324090},
journal = {Proceedings of the 7th ACM conference on Recommender systems - RecSys '13},
keywords = {mapreduce,scalable collaborative filtering},
number = {1},
pages = {281--284},
publisher = {ACM Press},
title = {{Distributed matrix factorization with mapreduce using a series of broadcast-joins}},
url = {http://dl.acm.org/citation.cfm?doid=2507157.2507195},
year = {2013}
}
