@article{Maekawa1985,
author = {Maekawa, Mamoru},
file = {:Users/BillyLinux/Documents/Papers/maekawa.pdf:pdf},
journal = {ACM Transactions on Computer Systems (TOCS)},
keywords = {and phrases},
number = {2},
pages = {145--159},
title = {{An algorithm for mutual exclusion in decentralized systems}},
url = {http://dl.acm.org/citation.cfm?id=214445},
volume = {3},
year = {1985}
}
@article{Lamport1978,
author = {Lamport, L},
file = {:Users/BillyLinux/Documents/Papers/lamport.pdf:pdf},
journal = {Communications of the ACM},
title = {{Time, clocks, and the ordering of events in a distributed system}},
url = {http://dl.acm.org/citation.cfm?id=359563},
year = {1978}
}
@article{Ricart1981,
author = {Ricart, Glenn and Agrawala, Ashok K.},
doi = {10.1145/358527.358537},
file = {:Users/BillyLinux/Documents/Papers/Ricart-Agrawala.pdf:pdf},
issn = {00010782},
journal = {Communications of the ACM},
keywords = {concurrent programming,critical section,distributed algorithm,mutual exclusion,network,synchronization},
month = jan,
number = {1},
pages = {9--17},
publisher = {ACM},
title = {{An optimal algorithm for mutual exclusion in computer networks}},
url = {http://dl.acm.org/citation.cfm?id=358527.358537},
volume = {24},
year = {1981}
}
